@article{mckay2014practical,
  title={Practical graph isomorphism, II},
  author={McKay, Brendan D and Piperno, Adolfo},
  journal={Journal of Symbolic Computation},
  volume={60},
  pages={94--112},
  year={2014},
  publisher={Elsevier}
}

@book{scheinerman2011fractional,
  title={Fractional graph theory: a rational approach to the theory of graphs},
  author={Scheinerman, Edward R and Ullman, Daniel H},
  year={2011},
  publisher={Courier Dover Publications}
}

@article{brinkmann2013house,
  title={House of Graphs: A database of interesting graphs},
  author={Brinkmann, Gunnar and Coolsaet, Kris and Goedgebeur, Jan and M{\'e}lot, Hadrien},
  journal={Discrete Applied Mathematics},
  volume={161},
  number={1},
  pages={311--314},
  year={2013},
  publisher={Elsevier}
}

@inproceedings{junttila2007engineering,
  title={Engineering an Efficient Canonical Labeling Tool for Large and Sparse Graphs.},
  author={Junttila, Tommi A and Kaski, Petteri},
  booktitle={ALENEX},
  volume={7},
  pages={135--149},
  year={2007},
  organization={SIAM}
}

@misc{sloane2003line,
  title={The on-line Encyclopedia of Integer Sequences},
  author={Sloane, Neil JA and others},
  year={2003}
}

@article{hosoya1971topological,
  title={Topological index. A newly proposed quantity characterizing the topological nature of structural isomers of saturated hydrocarbons},
  author={Hosoya, Haruo},
  journal={Bull. Chem. Soc. Jpn},
  volume={44},
  number={9},
  pages={2332--2339},
  year={1971}
}

@article{jerrum1987two,
  title={Two-dimensional monomer-dimer systems are computationally intractable},
  author={Jerrum, Mark},
  journal={Journal of Statistical Physics},
  volume={48},
  number={1-2},
  pages={121--134},
  year={1987},
  publisher={Springer}
}


@InProceedings{SciPyProceedings_11,
  author =       {Aric A. Hagberg and Daniel A. Schult and Pieter J. Swart},
  title =        {Exploring Network Structure, Dynamics, and Function using NetworkX},
  booktitle =   {Proceedings of the 7th Python in Science Conference},
  pages =     {11 - 15},
  address = {Pasadena, CA USA},
  year =      {2008},
  editor =    {Ga\"el Varoquaux and Travis Vaught and Jarrod Millman},
}